@article{LearningViewSynthesis,
  title     = {Learning-based view synthesis for light field cameras},
  author    = {Kalantari, Nima Khademi and Wang, Ting-Chun and Ramamoorthi, Ravi},
  journal   = {ACM Transactions on Graphics (TOG)},
  volume    = {35},
  number    = {6},
  pages     = {1--10},
  year      = {2016},
  publisher = {ACM New York, NY, USA}
}

@inproceedings{levoy1996light,
  title     = {Light field rendering},
  author    = {Levoy, Marc and Hanrahan, Pat},
  booktitle = {Proceedings of the 23rd annual conference on Computer graphics and interactive techniques},
  pages     = {31--42},
  year      = {1996}
}

@article{Wanner,
  author  = {Wanner, Sven and Goldluecke, Bastian},
  journal = {IEEE Transactions on Pattern Analysis and Machine Intelligence},
  title   = {Variational Light Field Analysis for Disparity Estimation and Super-Resolution},
  year    = {2014},
  volume  = {36},
  number  = {3},
  pages   = {606-619},
  doi     = {10.1109/TPAMI.2013.147}
}

@article{StanfordLytro,
  title   = {Light-field database creation and depth estimation},
  author  = {Raj, Abhilash Sunder and Lowney, Michael and Shah, Raj},
  journal = {Palo Alto, USA: Stanford University},
  year    = {2016}
}
